<record><leader>00000cas a22000007a 4500</leader><controlfield tag="001">34388467</controlfield><controlfield tag="008">960318c19929999caudr ne      0   b0vie c</controlfield><datafield ind1=" " ind2=" " tag="010"><subfield code="a">sn 96005294 </subfield></datafield><datafield ind1=" " ind2=" " tag="040"><subfield code="a">NSD</subfield><subfield code="b">eng</subfield><subfield code="c">NSD</subfield><subfield code="d">OCLCQ</subfield><subfield code="d">CUI</subfield><subfield code="d">OCLCF</subfield></datafield><datafield ind1=" " ind2=" " tag="012"><subfield code="l">1</subfield></datafield><datafield ind1="1" ind2=" " tag="022"><subfield code="a">1087-7266</subfield><subfield code="l">1087-7266</subfield><subfield code="2">1</subfield></datafield><datafield ind1=" " ind2=" " tag="037"><subfield code="b">Vie&#770;&#803;t ba&#769;o kinh te&#770;&#769;, 14922 Moran St., Ste. A, Westminster, CA 92683</subfield></datafield><datafield ind1=" " ind2=" " tag="042"><subfield code="a">nsdp</subfield><subfield code="a">pcc</subfield></datafield><datafield ind1=" " ind2="4" tag="050"><subfield code="a">AN</subfield></datafield><datafield ind1=" " ind2="0" tag="222"><subfield code="a">Vie&#770;&#803;t ba&#769;o kinh te&#770;&#769;</subfield></datafield><datafield ind1="0" ind2="0" tag="245"><subfield code="a">Vie&#770;&#803;t ba&#769;o kinh te&#770;&#769;.</subfield></datafield><datafield ind1="1" ind2="1" tag="246"><subfield code="a">Vietnam economic news</subfield></datafield><datafield ind1="1" ind2=" " tag="246"><subfield code="a">Nha&#770;&#803;t ba&#769;o Vie&#770;&#803;t ba&#769;o kinh te&#770;&#769;</subfield></datafield><datafield ind1="1" ind2="1" tag="246"><subfield code="a">Vietnam economic daily news</subfield></datafield><datafield ind1="1" ind2="1" tag="246"><subfield code="a">Viet economic daily news</subfield></datafield><datafield ind1=" " ind2=" " tag="260"><subfield code="a">Westminster, CA :</subfield><subfield code="b">Vie&#770;&#803;t ba&#769;o kinh te&#770;&#769;</subfield></datafield><datafield ind1=" " ind2=" " tag="310"><subfield code="a">Daily,</subfield><subfield code="b">&lt;1995-&gt;</subfield></datafield><datafield ind1=" " ind2=" " tag="321"><subfield code="a">Three times per week,</subfield><subfield code="b">-1993</subfield></datafield><datafield ind1=" " ind2=" " tag="321"><subfield code="a">Fout times per week,</subfield><subfield code="b">1993-</subfield></datafield><datafield ind1="1" ind2=" " tag="362"><subfield code="a">Began in 1992?</subfield></datafield><datafield ind1=" " ind2=" " tag="525"><subfield code="a">A special issue published annually to celebrate Te&#770;&#769;t.</subfield></datafield><datafield ind1=" " ind2=" " tag="588"><subfield code="a">Description based on: na&#774;m th&#432;&#769; hai, so&#770;&#769; 20 (16-2/23-2, 1993); title from caption.</subfield></datafield><datafield ind1=" " ind2=" " tag="588"><subfield code="a">Latest issue consulted: na&#774;m th&#432;&#769; chi&#769;n, so&#770;&#769; 1760 (th&#432;&#769; ba&#777;y 29-01-2000).</subfield></datafield><datafield ind1=" " ind2="0" tag="650"><subfield code="a">Vietnamese newspapers</subfield><subfield code="z">California</subfield><subfield code="z">Westminster.</subfield></datafield><datafield ind1=" " ind2="0" tag="650"><subfield code="a">Vietnamese Americans</subfield><subfield code="v">Newspapers.</subfield></datafield><datafield ind1=" " ind2="0" tag="651"><subfield code="a">Vietnam</subfield><subfield code="x">Economic conditions</subfield><subfield code="y">1975-</subfield><subfield code="v">Newspapers.</subfield></datafield><datafield ind1=" " ind2="0" tag="651"><subfield code="a">Westminster (Calif.)</subfield><subfield code="v">Newspapers.</subfield></datafield><datafield ind1=" " ind2="7" tag="655"><subfield code="a">Newspapers.</subfield><subfield code="2">fast</subfield><subfield code="0">(OCoLC)fst01423814</subfield></datafield><datafield ind1=" " ind2="7" tag="648"><subfield code="a">Since 1975</subfield><subfield code="2">fast</subfield></datafield><datafield ind1=" " ind2="7" tag="650"><subfield code="a">Economic history.</subfield><subfield code="2">fast</subfield><subfield code="0">(OCoLC)fst00901974</subfield></datafield><datafield ind1=" " ind2="7" tag="650"><subfield code="a">Vietnamese Americans.</subfield><subfield code="2">fast</subfield><subfield code="0">(OCoLC)fst01166663</subfield></datafield><datafield ind1=" " ind2="7" tag="650"><subfield code="a">Vietnamese newspapers.</subfield><subfield code="2">fast</subfield><subfield code="0">(OCoLC)fst01166876</subfield></datafield><datafield ind1=" " ind2="7" tag="651"><subfield code="a">California</subfield><subfield code="z">Westminster.</subfield><subfield code="2">fast</subfield><subfield code="0">(OCoLC)fst01218721</subfield></datafield><datafield ind1=" " ind2="7" tag="651"><subfield code="a">Vietnam.</subfield><subfield code="2">fast</subfield><subfield code="0">(OCoLC)fst01204778</subfield></datafield><datafield ind1=" " ind2=" " tag="752"><subfield code="a">United States</subfield><subfield code="b">California</subfield><subfield code="c">Orange County</subfield><subfield code="d">Westminster.</subfield></datafield></record>